@misc{Aparticle,
  title = {Arithmetic progression},
  author = {Wikipedia},
  note = "\url{http://en.wikipedia.org/wiki/Arithmetic_progression}",
}

@misc{Gparticle,
  title = {Geometric progression},
  author = {Wikipedia},
  note = "\url{http://en.wikipedia.org/wiki/Geometric_progression}",
}
